<?xml version="1.0" encoding="UTF-8"?><record xmlns="http://www.loc.gov/MARC21/slim" xmlns:cinclude="http://apache.org/cocoon/include/1.0" xmlns:zs="http://www.loc.gov/zing/srw/">
  <leader>00380nz  a2200121n  4500</leader>
  <controlfield tag="001">n  85813782 </controlfield>
  <controlfield tag="003">DLC</controlfield>
  <controlfield tag="005">19850916124207.9</controlfield>
  <controlfield tag="008">850828n| acannaab|          |n aad |||  </controlfield>
  <datafield tag="010" ind1=" " ind2=" ">
    <subfield code="a">n  85813782 </subfield>
  </datafield>
  <datafield tag="040" ind1=" " ind2=" ">
    <subfield code="a">DLC</subfield>
    <subfield code="c">DLC</subfield>
  </datafield>
  <datafield tag="100" ind1="1" ind2="0">
    <subfield code="a">Paiz, Rodolfo E.</subfield>
  </datafield>
  <datafield tag="670" ind1=" " ind2=" ">
    <subfield code="a">nuc85-52285: His Experimenting with new concepts ... 1974, c1975</subfield>
    <subfield code="b">(hdg. on TxU rept.: Paiz, Rodolfo E.; usage: Rodolfo E. Paiz)</subfield>
  </datafield>
</record>